



@book{dawushiyan,

  author         = {吴泳华、霍剑青、蒲其荣},
  title          = {大学物理实验},
  publisher      = {高等教育出版社},
  year           = {2005}
}
@book{shiyanjiaocheng,

  author         = {孙维民、李志杰},
  title          = {大学物理实验教程},
  publisher      = {科学出版社},
  year           = {2018}
}


@article{jiangyi,
  author          = {中国科学技术大学物理实验教学中心},
  title           = {声速的测量：实验讲义},
  journal         = {},
  volume          = {},
  number          = {},
  year            = {2021}
}
