

@book{a,
  author         = {John R.Taylor},
  editor         = {},
  title          = {误差分析导论：物理测量中的不确定度},
  publisher      = {高等教育出版社},
  year           = {2015}
}

@book{b,

  author         = {吴泳华、霍剑青、蒲其荣},
  title          = {大学物理实验},
  publisher      = {高等教育出版社},
  year           = {2005}
}
@book{c,

  author         = {孙维民、李志杰},
  title          = {大学物理实验教程},
  publisher      = {科学出版社},
  year           = {2018}
}

@article{d,
  author          = {张宪峰、熊永红},
  title           = {重力加速度的测量-实验讲义},
  journal         = {},
  volume          = {},
  number          = {},
  year            = {2021}
}
