
@article{jiangyi,
author          = {中国科学技术大学物理实验教学中心},
title           = {液体表面张力系数测定：实验讲义},
journal         = {},
volume          = {},
number          = {},
year            = {2021}
}

@book{dawushiyan,

  author         = {吴泳华、霍剑青、蒲其荣},
  title          = {大学物理实验},
  publisher      = {高等教育出版社},
  year           = {2005}
}
@book{shiyanjiaocheng,

  author         = {孙维民、李志杰},
  title          = {大学物理实验教程},
  publisher      = {科学出版社},
  year           = {2018}
}
@book{daolun,
  author         = {John R.Taylor},
  editor         = {},
  title          = {误差分析导论：物理测量中的不确定度},
  publisher      = {高等教育出版社},
  year           = {2015}
}

